<?xml version="1.0" encoding="UTF-8"?><collection xmlns="http://www.loc.gov/MARC21/slim"><record><leader>00427nam--2200133-i-4500</leader><controlfield tag="001">000021059</controlfield><controlfield tag="002">20161230</controlfield><controlfield tag="005">20161230201034</controlfield><controlfield tag="008">060222s1000------------r-----000-0-eng-d</controlfield><datafield ind1=" " ind2=" " tag="100"><subfield code="a">Huus, Torben And Zupancic, Crtomir</subfield></datafield><datafield ind1=" " ind2=" " tag="245"><subfield code="a">Excitation of nuclear rotational state by the electric field of impinging particles</subfield></datafield><datafield ind1=" " ind2=" " tag="260"><subfield code="a">Kobenhavn, Ejnar Munksgaard, 1953, 19 P</subfield></datafield><datafield ind1=" " ind2=" " tag="490"><subfield code="a">Kgl.Dan.Vid.Selsk., Mat.Fys.Medd</subfield></datafield><datafield ind1=" " ind2=" " tag="852"><subfield code="a">10163</subfield></datafield></record></collection>